@article{Wang2014An,
  title={An MQDF-CNN Hybrid Model for Offline Handwritten Chinese Character Recognition},
  author={Wang, Yanwei and Xin, Li and Liu, Changsong and Ding, Xiaoqing and Chen, Youxin},
  year={2014},
}
@article{JoeConstruction,
  title={Construction of a large-scale neural network: Simulation of handwritten Japanese character recognition on NCUBE},
  author={Joe, Kazuki and Yoshihiro Mori and Sei Miyake},
  journal={Concurrency & Computation Practice & Experience},
  volume={2},
  number={2},
  pages={79-107},
}
@article{WangWriter,
  title={Writer-Aware CNN for Parsimonious HMM-Based Offline Handwritten Chinese Text Recognition},
  author={Wang, Zi Rui and Du, Jun and Wang, Jia Ming},
}
@article{KumarA,
  title={A Study on Recognition of Pre-segmented Handwritten Multi-lingual Characters},
  author={Kumar, Munish and Jindal, Simpel Rani},
  journal={Archives of Computational Methods in Engineering},
}
@inproceedings{TAKAHASHI1997A,
  title={A Fast HMM Algorithm for On-Line Handwritten Character Recognition},
  author={TAKAHASHI,K.},
  booktitle={Fourth International Conference on Document Analysis & Recognition},
  year={1997},
}
@phdthesis{黄献通基于深度学习的手写数字识别研究及应用,
  title={基于深度学习的手写数字识别研究及应用},
  author={黄献通},
  school={曲阜师范大学},
}
@phdthesis{zhangqiuyue,
  title={基于ANDROID平台的水表字符识别算法研究},
  author={张秋月},
  school={杭州电子科技大学},
  year={2014},
}
@phdthesis{肖峰基于手持终端的自然场景下文本识别及后处理,
  title={基于手持终端的自然场景下文本识别及后处理},
  author={肖峰},
  school={西安电子科技大学},
}
@phdthesis{zhengpeng,
  title={基于深度学习的脱机手写体汉字识别研究},
  author={郑鹏},
  school={广西大学},
  year={2019},
}
@article{
zhangxiuling,
  title={多通道交叉融合的深度残差网络脱机手写汉字识别},
  author={张秀玲 and 周凯旋 and 魏其珺 and 董逍鹏},
  journal={小型微型计算机系统},
  volume={40},
  number={10},
  year={2019},
}
@article{shixin,
  title={基于CRNN的中文手写识别方法研究},
  author={石鑫 and 董宝良 and 王俊丰},
  journal={信息技术},
  year={2019},
}
@article{刘庆祥2006手写汉字识别系统的研究与应用,
  title={手写汉字识别系统的研究与应用},
  author={刘庆祥 and 熊杰},
  journal={高等继续教育学报},
  volume={19},
  number={4},
  pages={3-5},
  year={2006},
}
@article{张秀玲2019多通道交叉融合的深度残差网络脱机手写汉字识别,
  title={多通道交叉融合的深度残差网络脱机手写汉字识别},
  author={张秀玲 and 周凯旋 and 魏其珺 and 董逍鹏},
  journal={小型微型计算机系统},
  volume={40},
  number={10},
  year={2019},
}
@article{zhubo,
  title={人工智能在手写文档识别分析中的技术演进},
  author={竺博 and 吴嘉嘉 and 何春江 and 胡金水},
  journal={电子测试},
  number={13},
  pages={5-8},
  year={2019},
}
@phdthesis{孙巍巍2017基于深度学习的手写汉字识别技术研究,
  title={基于深度学习的手写汉字识别技术研究},
  author={孙巍巍},
  school={哈尔滨理工大学},
  year={2017},
}
@phdthesis{yangjie,
  title={基于深度学习的手写汉字识别技术研究},
  author={杨佶},
  school={沈阳师范大学},
  year={2019},
}

@phdthesis{huangyang,
  title={基于深度学习的脱机手写汉字识别技术研究},
  author={黄洋},
  school={重庆邮电大学},
  year={2019},
}
